@online{owid-covid-data,
    title     = "Our World in Data COVID-19 dataset",
    url       = "https://ourworldindata.org/coronavirus-source-data",
}
